<record><leader>00000cas a22000007a 4500</leader><controlfield tag="001">22227639</controlfield><controlfield tag="008">900816d19811986mducr ne      0    0eng d</controlfield><datafield ind1=" " ind2=" " tag="010"><subfield code="a">sn 90057246 </subfield></datafield><datafield ind1=" " ind2=" " tag="040"><subfield code="a">MFN</subfield><subfield code="b">eng</subfield><subfield code="c">MFN</subfield><subfield code="d">OCLCQ</subfield></datafield><datafield ind1=" " ind2=" " tag="042"><subfield code="a">msc</subfield></datafield><datafield ind1="0" ind2="0" tag="245"><subfield code="a">Calvert County recorder.</subfield></datafield><datafield ind1=" " ind2=" " tag="260"><subfield code="a">Prince Frederick, Md. :</subfield><subfield code="b">Lexleon, Inc.</subfield></datafield><datafield ind1=" " ind2=" " tag="300"><subfield code="a">v.</subfield></datafield><datafield ind1=" " ind2=" " tag="310"><subfield code="a">Semiweekly,</subfield><subfield code="b">1982-1986</subfield></datafield><datafield ind1=" " ind2=" " tag="321"><subfield code="a">Weekly,</subfield><subfield code="b">July-Dec. 1981</subfield></datafield><datafield ind1="0" ind2=" " tag="362"><subfield code="a">Vol. 11, no. 25 [i.e. 26] (July 1, 1981)-v. 15, no. 29 (Apr. 11, 1986).</subfield></datafield><datafield ind1=" " ind2=" " tag="752"><subfield code="a">United States</subfield><subfield code="b">Maryland</subfield><subfield code="c">Calvert</subfield><subfield code="d">Prince Frederick.</subfield></datafield><datafield ind1="0" ind2="0" tag="780"><subfield code="t">Prince Frederick recorder</subfield><subfield code="w">(DLC)sn 90057245</subfield></datafield><datafield ind1="0" ind2="0" tag="785"><subfield code="t">Recorder (Prince Frederick, Md.)</subfield><subfield code="w">(DLC)sn 87062188</subfield></datafield></record>